<record><leader>00000cas a2200000 a 4500</leader><controlfield tag="001">17395672</controlfield><controlfield tag="007">hd bfu---buuu</controlfield><controlfield tag="008">880126d18541861ncucr n a     0    0eng c</controlfield><datafield ind1=" " ind2=" " tag="010"><subfield code="a">  2011229353</subfield></datafield><datafield ind1=" " ind2=" " tag="040"><subfield code="a">NGU</subfield><subfield code="b">eng</subfield><subfield code="c">NGU</subfield><subfield code="d">OCL</subfield><subfield code="d">OCLCQ</subfield><subfield code="d">NCECU</subfield><subfield code="d">OCLCQ</subfield><subfield code="d">FUG</subfield><subfield code="d">OCLCQ</subfield><subfield code="d">OCLCF</subfield><subfield code="d">OCLCO</subfield></datafield><datafield ind1=" " ind2=" " tag="042"><subfield code="a">pcc</subfield></datafield><datafield ind1=" " ind2=" " tag="043"><subfield code="a">n-us-nc</subfield></datafield><datafield ind1="0" ind2=" " tag="130"><subfield code="a">Salisbury banner (Salisbury, N.C. : 1854 : Semi-weekly)</subfield></datafield><datafield ind1="1" ind2="4" tag="245"><subfield code="a">The Salisbury banner</subfield><subfield code="h">[microform].</subfield></datafield><datafield ind1="1" ind2="3" tag="246"><subfield code="a">Semi-weekly Salisbury banner</subfield></datafield><datafield ind1=" " ind2=" " tag="260"><subfield code="a">Salisbury, N.C. :</subfield><subfield code="b">J.J. Stewart, W.L. Saunders</subfield></datafield><datafield ind1=" " ind2=" " tag="300"><subfield code="a">v. ;</subfield><subfield code="c">62 cm.</subfield></datafield><datafield ind1=" " ind2=" " tag="310"><subfield code="a">Semiweekly</subfield></datafield><datafield ind1="1" ind2=" " tag="362"><subfield code="a">Began in 1854; ceased in 1861?</subfield><subfield code="z">Cf. Union list of N.C. newspapers, 1963.</subfield></datafield><datafield ind1=" " ind2=" " tag="500"><subfield code="a">For a short period published as: Semi-weekly Salisbury banner.</subfield></datafield><datafield ind1=" " ind2=" " tag="500"><subfield code="a">Publisher varies.</subfield></datafield><datafield ind1=" " ind2=" " tag="500"><subfield code="a">Filmed with: Republican banner (Salisbury, N.C. : 1854); Salisbury banner (Salisbury, N.C. : 1854 :Weekly); and Salisbury banner (Salisbury, N.C. : 1866 : Triweekly).</subfield></datafield><datafield ind1=" " ind2=" " tag="588"><subfield code="a">Description based on: Vol. 8, no. 20 (May 17, 1861); title from masthead.</subfield></datafield><datafield ind1=" " ind2=" " tag="588"><subfield code="a">Latest issue consulted: Vol. 8, no. 63 (Nov. 5, 1861).</subfield></datafield><datafield ind1=" " ind2=" " tag="533"><subfield code="a">Microfilm.</subfield><subfield code="b">Raleigh, N.C. :</subfield><subfield code="c">North Carolina Department of Archives and History, Division of Archives and Manuscripts,</subfield><subfield code="d">1963.</subfield><subfield code="e">microfilm reels : negative ; 35 mm.</subfield></datafield><datafield ind1=" " ind2="0" tag="651"><subfield code="a">Salisbury (N.C.)</subfield><subfield code="v">Newspapers.</subfield></datafield><datafield ind1=" " ind2="7" tag="655"><subfield code="a">Newspapers.</subfield><subfield code="2">fast</subfield><subfield code="0">(OCoLC)fst01423814</subfield></datafield><datafield ind1=" " ind2="7" tag="651"><subfield code="a">North Carolina</subfield><subfield code="z">Salisbury.</subfield><subfield code="2">fast</subfield><subfield code="0">(OCoLC)fst01202783</subfield></datafield><datafield ind1=" " ind2=" " tag="752"><subfield code="a">United States</subfield><subfield code="b">North Carolina</subfield><subfield code="c">Rowan</subfield><subfield code="d">Salisbury.</subfield></datafield><datafield ind1="0" ind2=" " tag="775"><subfield code="t">Salisbury banner (Salisbury, N.C. : 1854 : Weekly)</subfield></datafield><datafield ind1="0" ind2=" " tag="775"><subfield code="t">Salisbury banner (Salisbury, N.C. : 1866 : Triweekly)</subfield></datafield><datafield ind1="0" ind2=" " tag="776"><subfield code="t">Salisbury banner (Salisbury, N.C. : 1854)</subfield><subfield code="w">(OCoLC)11887151</subfield></datafield></record>